@book{RefWorks:doc:6049e6458f08a1274936fc32,
	author={Abraham Silberschatz and Henry F. Korth and S. Sudarshan},
	year={2011},
	title={Database system concepts},
	publisher={McGraw-Hill},
	address={New York},
	edition={6. ed., internat. ed.},
	isbn={9780071289597}
}

@misc{hocus,
	title = {hocus. - Apps on Google Play},
	note =  {En línea. Última consulta: 14 de mayo de 2021},
	howpublished = 	 "\url{https://play.google.com/store/apps/details?id=air.com.gamebrain.hocus&hl=en&gl=US}"
}
@misc{modeloTriangulo,
	title = {Penrose Triangle: 4 Steps (with Pictures) - Instructables},
	note =  {En línea. Última consulta: 12 de mayo de 2021},
	howpublished = 	 "\url{https://www.instructables.com/Penrose-Triangle/}"
}
